@article{matthews2004active,
  title={Active appearance models revisited},
  author={Matthews, Iain and Baker, Simon},
  journal={International Journal of Computer Vision},
  volume={60},
  number={2},
  pages={135--164},
  year={2004},
  publisher={Springer}
}

@inproceedings{xiong2013supervised,
  title={Supervised descent method and its applications to face alignment},
  author={Xiong, Xuehan and De la Torre, Fernando},
  booktitle={Computer Vision and Pattern Recognition (CVPR), 2013 IEEE Conference on},
  pages={532--539},
  year={2013},
  organization={IEEE}
}
@article{potamianos2003recent,
  title={Recent advances in the automatic recognition of audiovisual speech},
  author={Potamianos, Gerasimos and Neti, Chalapathy and Gravier, Guillaume and Garg, Ashutosh and Senior, Andrew W},
  journal={Proceedings of the IEEE},
  volume={91},
  number={9},
  pages={1306--1326},
  year={2003},
  publisher={IEEE}
}

@inproceedings{asthana2013robust,
  title={Robust discriminative response map fitting with constrained local models},
  author={Asthana, Akshay and Zafeiriou, Stefanos and Cheng, Shiyang and Pantic, Maja},
  booktitle={Computer Vision and Pattern Recognition (CVPR), 2013 IEEE Conference on},
  pages={3444--3451},
  year={2013},
  organization={IEEE}
}
@article{aleksic2006audio,
  title={Audio-visual biometrics},
  author={Aleksic, Petar S and Katsaggelos, Aggelos K},
  journal={Proceedings of the IEEE},
  volume={94},
  number={11},
  pages={2025--2044},
  year={2006},
  publisher={IEEE}
}
@article{pantic2007machine,
  title={Machine analysis of facial expressions},
  author={Pantic, Maja and Bartlett, Marian Stewart},
  year={2007},
  publisher={I-Tech Education and Publishing}
}
@inproceedings{petridis2011prediction,
  title={Prediction-based classification for audiovisual discrimination between laughter and speech},
  author={Petridis, Stavros and Pantic, Maja and Cohn, Jeffrey F},
  booktitle={Automatic Face \& Gesture Recognition and Workshops (FG 2011), 2011 IEEE International Conference on},
  pages={619--626},
  year={2011},
  organization={IEEE}
}
@inproceedings{eyben2011audiovisual,
  title={Audiovisual classification of vocal outbursts in human conversation using long-short-term memory networks},
  author={Eyben, Florian and Petridis, Stavros and Schuller, Bj{\"o}rn and Tzimiropoulos, Georgios and Zafeiriou, Stefanos and Pantic, Maja},
  booktitle={Acoustics, Speech and Signal Processing (ICASSP), 2011 IEEE International Conference on},
  pages={5844--5847},
  year={2011},
  organization={IEEE}
}
@article{petridis2011audiovisual,
  title={Audiovisual discrimination between speech and laughter: Why and when visual information might help},
  author={Petridis, Stavros and Pantic, Maja},
  journal={Multimedia, IEEE Transactions on},
  volume={13},
  number={2},
  pages={216--234},
  year={2011},
  publisher={IEEE}
}
@inproceedings{wang2011action,
  title={Action recognition by dense trajectories},
  author={Wang, Heng and Klaser, Alexander and Schmid, Cordelia and Liu, Cheng-Lin},
  booktitle={Computer Vision and Pattern Recognition (CVPR), 2011 IEEE Conference on},
  pages={3169--3176},
  year={2011},
  organization={IEEE}
}
@article{saragih2011deformable,
  title={Deformable model fitting by regularized landmark mean-shift},
  author={Saragih, Jason M and Lucey, Simon and Cohn, Jeffrey F},
  journal={International Journal of Computer Vision},
  volume={91},
  number={2},
  pages={200--215},
  year={2011},
  publisher={Springer}
}
@article{shan2009facial,
  title={Facial expression recognition based on local binary patterns: A comprehensive study},
  author={Shan, Caifeng and Gong, Shaogang and McOwan, Peter W},
  journal={Image and Vision Computing},
  volume={27},
  number={6},
  pages={803--816},
  year={2009},
  publisher={Elsevier}
}
@incollection{ben2010user,
  title={A userâ€™s guide to support vector machines},
  author={Ben-Hur, Asa and Weston, Jason},
  booktitle={Data mining techniques for the life sciences},
  pages={223--239},
  year={2010},
  publisher={Springer}
}
@article{CC01a,
 author = {Chang, Chih-Chung and Lin, Chih-Jen},
 title = {{LIBSVM}: A library for support vector machines},
 journal = {ACM Transactions on Intelligent Systems and Technology},
 volume = {2},
 issue = {3},
 year = {2011},
 pages = {27:1--27:27}
}
@online{AAMWarp,
  author = {Mikkel Bille Stegmann},
  title = {{Mikkel Bille Stegmann} Texture Model Formulation},
  year = 2000-09-20,
  url = {http://www2.imm.dtu.dk/~aam/main/node13.html},
  urldate = {2014-08-27}
}